@article{abderafi1994,
	Author = {S. Abderafi and T. Bounahmidi},
	Year = {1994},
	Title = {Measurement and modeling of atmospheric pressure vapor-liquid
		equilibrium data for binary, ternary and quaternary mixtures
		of sucrose, glucose, fructose and water components},
	Journal = {Fluid Phase Equilibria},
	Volume = {93},
	Pages = {337-351},
	doi = {doi:10.1016/0378-3812(94)87017-9},
}

@article{abrams1975,
	Author = {D. S. Abrams and J. M. Prausnitz},
	Year = {1975},
	Title = {Statistical thermodynamics of liquid mixtures:
		A new expression for the excess Gibbs energy of
		partly or completely miscible systems},
	Journal = {AIChE Journal},
	Volume = {21},
	Pages = {116-128},
	doi = {doi:10.1002/aic.690210115},
}

@book{canovas2007,
	Author = {G. V. Barbosa-Canovas and
			A. J. Fontana Jr. and
			S. J. Schmidt and
			T.P. Labuza},
	Year = {2007},
	Title = {Water Activity in Foods},
	Edition = {1},
	Publisher = {IFT Press},
}

@article{bhandari2003,
	Author = {B. Bhandari and I. Bareyre},
	Year = {2003},
	Title = {Estimation of crystalline phase present in the glucose
		crystalâ€“solution mixture by water activity measurement},
	Journal = {LWT - Food Science and Technology},
	Volume = {36(7)},
	Pages = {729-733},
	doi = {doi:10.1016/s0023-6438(03)00086-0},
}

@article{bonner1982,
	Author = {O. D. Bonner},
	Year = {1982},
	Title = {Osmotic and activity coefficients of some amino acids and
		their hydrochloride salts at 298.15 K},
	Journal = {Journal of Chemical \& Engineering Data},
	Volume = {27(4)},
	Pages = {422-423},
	doi = {doi:10.1021/je00030a016},
}

@article{caurie1986,
	Author = {M. Caurie},
	Year = {1986},
	Title = {A general method for predicting the water activity of
		simple and multi-component mixtures of solutes and non-solutes},
	Journal = {International Journal of Food Science \& Technology},
	Volume = {21(2)},
	Pages = {221-228},
	doi = {doi:10.1111/j.1365-2621.1986.tb00443.x},
}

@article{chen1973,
	Author = {H. Chen and J. Sangster and T. T. Teng and F. Lenzi},
	Year = {1973},
	Title = {A general method of predicting the water activity of
		ternary aqueous solutions from binary data},
	Journal = {The Canadian Journal of Chemical Engineering},
	Volume = {51(2)},
	Pages = {234-241},
	doi = {doi:10.1002/cjce.5450510214},
}

@article{chen1987,
	Author = {C. S. Chen},
	Year = {1987},
	Title = {Relationship Between Water Activity and Freezing
		Point Depression of Food Systems},
	Journal = {Journal of Food Science},
	Volume = {52(2)},
	Pages = {433-435},
	doi = {doi:10.1111/j.1365-2621.1987.tb06632.x},
}

@article{caurie1987,
	Author = {M. Caurie},
	Year = {1986},
	Title = {A general method for predicting the water activity of
		simple and multi-component mixtures of solutes and non-solutes},
	Journal = {International Journal of Food Science \& Technology},
	Volume = {21(2)},
	Pages = {221-228},
	doi = {doi:10.1111/j.1365-2621.1986.tb00443.x},
}

@article{cooke2002a,
	Author = {S. A. Cooke and S. O. Jonsdottir and P. Westh},
	Year = {2002},
	Title = {The vapour pressure of water as a function of solute concentration
		above aqueous solutions of fructose, sucrose, raffinose, erythritol,
		xylitol, and sorbitol},
	Journal = {The Journal of Chemical Thermodynamics},
	Volume = {34(10)},
	Pages = {1545-1555},
	doi = {doi:10.1016/s0021-9614(02)00172-6},
}

@article{dunning1951,
	Author = {W. J. Dunning and H. C. Evans and M. Taylor},
	Year = {1951},
	Title = {524. The vapour pressures of concentrated aqueous sucrose
		solutions up to the pressure of 760 mm},
	Journal = {Journal of the Chemical Society (Resumed)},
	Pages = {2363},
	doi = {doi:10.1039/jr9510002363},
}

@article{ebrahimi2016,
	Author = {N. Ebrahimi and R. Sadeghi},
	Year = {2016},
	Title = {Osmotic properties of carbohydrate aqueous solutions},
	Journal = {Fluid Phase Equilibria},
	Volume = {417},
	Pages = {171-180},
	doi = {doi:10.1016/j.fluid.2016.02.030},
}

@article{ellerton1964,
	Author = {H. D. Ellerton and
			G. Reinfelds and
			D. E. Mulcahy and
			P. J. Dunlop},
	Year = {1964},
	Title = {Activity, Density, and Relative Viscosity Data for Several
		Amino Acids, Lactamide, and Raffinose in Aqueous Solution at 25\textcelsius},
	Journal = {The Journal of Physical Chemistry},
	Volume = {68(2)},
	Pages = {398-402},
	doi = {doi:10.1021/j100784a034},
}

@article{himanshu2005,
	Author = {Himanshu and Priyanka and K. Anakshi},
	Year = {2005},
	Title = {Cryoscopic studies of $\alpha$-amino acids in water},
	Journal = {Journal of Molecular Liquids},
	Volume = {122(1-3)},
	Pages = {61-64},
	doi = {doi:10.1016/j.molliq.2005.04.001},
}

@book{galassi_book,
	Author = {M. Galassi and others},
	Year = {2009},
	Title = {GNU Scientific Library Reference Manual},
	Edition = {3},
}

@article{ge2009,
	Author = {X. Ge and X. Wang},
	Year = {2009},
	Title = {Calculations of Freezing Point Depression, Boiling Point
		Elevation, Vapor Pressure and Enthalpies of Vaporization of
		Electrolyte Solutions by a Modified Three-Characteristic Parameter
		Correlation Model},
	Journal = {Journal of Solution Chemistry},
	Volume = {38(9)},
	Pages = {1097-1117},
	doi = {doi:10.1007/s10953-009-9433-0},
}

@article{ge2009err,
	Author = {X. Ge and X. Wang},
	Year = {2013},
	Title = {Erratum to: Calculations of Freezing Point Depression, Boiling
		Point Elevation, Vapor Pressure and Enthalpies of Vaporization of
		Electrolyte Solutions by a Modified Three-Characteristic Parameter
		Correlation Model},
	Journal = {Journal of Solution Chemistry},
	Volume = {42},
	Pages = {894-895},
	doi = {doi:10.1007/s10953-013-9993-x},
}

@article{kiyosawa1992,
	Author = {K. Kiyosawa},
	Year = {1992},
	Title = {Partial molar volumes and activity coefficients of the water
		in aqueous polyol solutions and the osmotic
		pressures of these solutions},
	Journal = {Journal of Solution Chemistry},
	Volume = {21(4)},
	Pages = {333-344},
	doi = {doi:10.1007/bf00647856},
}

@article{kuramochi1997,
	Author = {H. Kuramochi and
		H. Noritomi and
		D. Hoshino and
		K. Nagahama},
	Year = {1997},
	Title = {Measurements of Vapor Pressures of Aqueous Amino Acid Solutions
		and Determination of Activity Coefficients of Amino Acids},
	Journal = {Journal of Chemical \& Engineering Data},
	Volume = {42(3)},
	Pages = {470-474},
	doi = {doi:10.1021/je960113r},
}

@article{maximo2010,
	Author = {G. J. Maximo and A. J. A. Meirelles and E. A. C. Batista},
	Year = {2010},
	Title = {Boiling point of aqueous d-glucose and d-fructose solutions:
		Experimental determination and modeling with group-contribution
		method},
	Journal = {Fluid Phase Equilibria},
	Volume = {299(1)},
	Pages = {32-41},
}

@article{ninni2001,
	Author = {L. Ninni and A. J. Meirelles},
	Year = {2001},
	Title = {Water activity, pH and density of aqueous amino acids solutions},
	Journal = {Biotechnol. Prog.},
	Volume = {17(4)},
	Pages = {703-711},
	doi = {doi:10.1021/bp0100427},
}

@book{nocedal2006,
	Author = {J. Nocedal and S. J. Wright},
	Year = {2006},
	Title = {Numerical Optimization},
	Edition = {2},
	Publisher = {Springer},
}

@article{norrish1966,
	Author = {R. S. Norrish},
	Year = {1966},
	Title = {An equation for the activity coefficients and equilibrium
		relative humidities of water in confectionery syrups},
	Journal = {International Journal of Food Science \& Technology},
	Volume = {1(1)},
	Pages = {25-39},
	doi = {doi:10.1111/j.1365-2621.1966.tb01027.x},
}

@article{pessoa2008,
	Author = {Pessoa, Filho, P. de A. and G. Maurer},
	Year = {2008},
	Title = {An extension of the Pitzer equation for the excess Gibbs
		nergy of aqueous electrolyte systems to aqueous polyelectrolyte
		solutions},
	Journal = {Fluid Phase Equilibria},
	Volume = {269(1-2)},
	Pages = {25-35},
	doi = {doi:10.1016/j.fluid.2008.04.019},
}

@article{pinho2008,
	Author = {S. P. Pinho},
	Year = {2008},
	Title = {Water Activity in Aqueous Amino Acid Solutions, with and
		without KCl, at 298.15 K},
	Journal = {Journal of Chemical \& Engineering Data},
	Volume = {53(1)},
	Pages = {180-184},
	doi = {doi:10.1021/je700466s},
}

@article{romero2006,
	Author = {C. M. Romero and M. E. Gonzalez},
	Year = {2006},
	Title = {Osmotic and activity coefficients of glycine,
		dl-$\alpha$-alanine and dl-$\alpha$-aminobutyric acid in aqueous
		solutions at temperatures between 288.15 and 303.15K},
	Journal = {Fluid Phase Equilibria},
	Volume = {250(1-2)},
	Pages = {99-104},
	doi = {doi:10.1016/j.fluid.2006.10.012},
}

@book{sandler2017,
	Author = {S. I. Sandler},
	Year = {2017},
	Title = {Chemical, Biochemical and Engineering Thermodynamics},
	Edition = {5},
	Publisher = {John Wiley \& Sons},
}

@article{sangster1973,
	Author = {J. Sangster and T. T. Teng and F. Lenzi},
	Year = {1973},
	Title = {A General Method of Calculating the Water Activity of
		Supersaturated Aqueous Solutions from Ternary Data},
	Journal = {Canadian Journal of Chemistry},
	Volume = {51(16)},
	Pages = {2626-2631},
	doi = {doi:10.1139/v73-397},
}

@article{stokes1961,
	Author = {R. A. Robinson and R. H. Stokes},
	Year = {1961},
	Title = {Activity Coefficients in Aqueous Solutions of Sucrose,
		Mannitol and  Their Mixtures at 25\textcelsius},
	Journal = {The Journal of Physical Chemistry},
	Volume = {65(11)},
	Pages = {1954-1958},
	doi = {doi:10.1021/j100828a010},
}

@article{stokes1966,
	Author = {R. H. Stokes and R. A. Robinson},
	Year = {1966},
	Title = {Interactions in Aqueous Nonelectrolyte Solutions. I.
		Solute-Solvent Equilibria},
	Journal = {The Journal of Physical Chemistry},
	Volume = {70(7)},
	Pages = {2126-2131},
	doi = {doi:10.1021/j100879a010},
}

@article{tsurko2007,
	Author = {E. N. Tsurko and R. Neueder and W. Kunz},
	Year = {2007},
	Title = {Water Activity and Osmotic Coefficients in Solutions of Glycine,
		Glutamic Acid, Histidine and their Salts at 298.15 K and 310.15 K},
	Journal = {Journal of Solution Chemistry},
	Volume = {36(5)},
	Pages = {651-672},
	doi = {doi:10.1007/s10953-007-9131-8},
}

@article{velezmoro2000,
	Author = {C. E. Velezmoro and
		A. L. Oliveira and
		F. A. Cabral and
		A. J. A. Meirelles},
	Year = {2000},
	Title = {Prediction of Water Activity in Sugar Solutions Using
		Models of Group Contribution and Equation of State},
	Journal = {Journal of Chemical Engineering of Japan},
	Volume = {33(4)},
	Pages = {645-653},
	doi = {doi:10.1252/jcej.33.645},
}

